<record xmlns="http://www.loc.gov/MARC21/slim/"
xmlns:xsi="http://www.w3.org/2001/XMLSchema-instance"
xsi:schemaLocation="http://www.loc.gov/MARC21/slim
http://www.loc.gov/standards/marcxml/schema/MARC21slim.xsd">
<leader>-----nam-a22------a-4500</leader>
<controlfield tag="001">nkc20081810391</controlfield>
<controlfield tag="003">CZ-PrNK</controlfield>
<controlfield tag="005">20121206124756.0</controlfield>
<controlfield tag="007">ta</controlfield>
<controlfield tag="008">090730s2009----xr-a---e------001-0-cze--</controlfield>
<datafield tag="015" ind1=" " ind2=" ">
<subfield code="a">cnb001810391</subfield>
</datafield>
<datafield tag="020" ind1=" " ind2=" ">
<subfield code="a">978-80-7367-397-0 (brož.)</subfield>
</datafield>
<datafield tag="035" ind1=" " ind2=" ">
<subfield code="a">(OCoLC)505913906</subfield>
</datafield>
<datafield tag="040" ind1=" " ind2=" ">
<subfield code="a">ABA001</subfield>
<subfield code="b">cze</subfield>
</datafield>
<datafield tag="072" ind1=" " ind2="7">
<subfield code="a">37</subfield>
<subfield code="x">Výchova a vzdělávání</subfield>
<subfield code="2">Konspekt</subfield>
<subfield code="9">22</subfield>
</datafield>
<datafield tag="080" ind1=" " ind2=" ">
<subfield code="a">51</subfield>
<subfield code="2">MRF</subfield>
</datafield>
<datafield tag="080" ind1=" " ind2=" ">
<subfield code="a">37.02</subfield>
<subfield code="2">MRF</subfield>
</datafield>
<datafield tag="080" ind1=" " ind2=" ">
<subfield code="a">37.013</subfield>
<subfield code="2">MRF</subfield>
</datafield>
<datafield tag="080" ind1=" " ind2=" ">
<subfield code="a">(048.8)</subfield>
<subfield code="2">MRF</subfield>
</datafield>
<datafield tag="100" ind1="0" ind2=" ">
<subfield code="a">Milan,</subfield>
<subfield code="c">Hejný,</subfield>
<subfield code="d">1936-</subfield>
<subfield code="7">jk01040589</subfield>
<subfield code="4">aut</subfield>
</datafield>
<datafield tag="245" ind1="1" ind2="0">
<subfield code="a">Dítě, škola a matematika :</subfield>
<subfield code="b">konstruktivistické přístupy k vyučování /</subfield>
<subfield code="c">Milan Hejný, František Kuřina</subfield>
</datafield>
<datafield tag="250" ind1=" " ind2=" ">
<subfield code="a">2., aktualiz. vyd.</subfield>
</datafield>
<datafield tag="260" ind1=" " ind2=" ">
<subfield code="a">Praha :</subfield>
<subfield code="b">Portál,</subfield>
<subfield code="c">2009</subfield>
</datafield>
<datafield tag="300" ind1=" " ind2=" ">
<subfield code="a">232 s. :</subfield>
<subfield code="b">il. ;</subfield>
<subfield code="c">23 cm</subfield>
</datafield>
<datafield tag="490" ind1="1" ind2=" ">
<subfield code="a">Pedagogická praxe</subfield>
</datafield>
<datafield tag="504" ind1=" " ind2=" ">
<subfield code="a">Obsahuje bibliografii a rejstříky</subfield>
</datafield>
<datafield tag="650" ind1="0" ind2="7">
<subfield code="a">matematika</subfield>
<subfield code="7">ph117231</subfield>
<subfield code="2">czenas</subfield>
</datafield>
<datafield tag="650" ind1="0" ind2="7">
<subfield code="a">didaktika</subfield>
<subfield code="7">ph114316</subfield>
<subfield code="2">czenas</subfield>
</datafield>
<datafield tag="650" ind1="0" ind2="7">
<subfield code="a">konstruktivistická pedagogika</subfield>
<subfield code="7">ph114972</subfield>
<subfield code="2">czenas</subfield>
</datafield>
<datafield tag="650" ind1="0" ind2="9">
<subfield code="a">mathematics</subfield>
<subfield code="2">eczenas</subfield>
</datafield>
<datafield tag="650" ind1="0" ind2="9">
<subfield code="a">teaching</subfield>
<subfield code="2">eczenas</subfield>
</datafield>
<datafield tag="650" ind1="0" ind2="9">
<subfield code="a">constructivist education</subfield>
<subfield code="2">eczenas</subfield>
</datafield>
<datafield tag="655" ind1=" " ind2="7">
<subfield code="a">studie</subfield>
<subfield code="7">fd133597</subfield>
<subfield code="2">czenas</subfield>
</datafield>
<datafield tag="655" ind1=" " ind2="9">
<subfield code="a">studies</subfield>
<subfield code="2">eczenas</subfield>
</datafield>
<datafield tag="700" ind1="1" ind2=" ">
<subfield code="a">Kuřina, František,</subfield>
<subfield code="d">1932-</subfield>
<subfield code="7">jk01071035</subfield>
<subfield code="4">aut</subfield>
</datafield>
<datafield tag="830" ind1=" " ind2="0">
<subfield code="a">Pedagogická praxe (Portál)</subfield>
<subfield code="0">s</subfield>
</datafield>
<datafield tag="901" ind1=" " ind2=" ">
<subfield code="b">9788073673970</subfield>
<subfield code="f">2., aktual. vyd.</subfield>
<subfield code="o">20100125</subfield>
</datafield>
<datafield tag="910" ind1="1" ind2=" ">
<subfield code="a">ABA001</subfield>
</datafield>
<datafield tag="928" ind1="1" ind2=" ">
<subfield code="a">Portál</subfield>
</datafield>
<datafield tag="910" ind1="2" ind2=" ">
<subfield code="a">BOA001</subfield>
<subfield code="b">2-1235.975</subfield>
</datafield>
<datafield tag="910" ind1="3" ind2=" ">
<subfield code="a">OLA001</subfield>
<subfield code="b">1-218.844</subfield>
</datafield>
</record>